% This file was created with JabRef 2.10.
% Encoding: UTF-8


@Book{Goodfellow-et-al-2016,
  Title                    = {Deep Learning},
  Author                   = {Ian Goodfellow and Yoshua Bengio and Aaron Courville},
  Publisher                = {MIT Press},
  Year                     = {2016},
  Note                     = {\url{http://www.deeplearningbook.org}}
}

@Article{paperGrad,
  Title                    = {{Explaining and Harnessing Adversarial Examples}},
  Author                   = {{Goodfellow}, I.~J. and {Shlens}, J. and {Szegedy}, C.},
  Journal                  = {ArXiv e-prints},
  Year                     = {2014},

  Month                    = dec,

  Adsnote                  = {Provided by the SAO/NASA Astrophysics Data System},
  Adsurl                   = {http://adsabs.harvard.edu/abs/2014arXiv1412.6572G},
  Archiveprefix            = {arXiv},
  Eprint                   = {1412.6572},
  Keywords                 = {Statistics - Machine Learning, Computer Science - Learning},
  Primaryclass             = {stat.ML}
}

@Article{HORNIK1991251,
  Title                    = {Approximation capabilities of multilayer feedforward networks},
  Author                   = {Kurt Hornik},
  Journal                  = {Neural Networks},
  Year                     = {1991},
  Number                   = {2},
  Pages                    = {251 - 257},
  Volume                   = {4},

  Doi                      = {http://dx.doi.org/10.1016/0893-6080(91)90009-T},
  ISSN                     = {0893-6080},
  Keywords                 = {Multilayer feedforward networks},
  Url                      = {http://www.sciencedirect.com/science/article/pii/089360809190009T}
}

@Article{visualCortex,
  Title                    = {Receptive fields, binocular interaction and functional architecture in the cat's visual cortex},
  Author                   = {Hubel, D. H. and Wiesel, T. N.},
  Journal                  = {The Journal of Physiology},
  Year                     = {1962},
  Number                   = {1},
  Pages                    = {106--154},
  Volume                   = {160},

  Doi                      = {10.1113/jphysiol.1962.sp006837},
  ISSN                     = {1469-7793},
  Url                      = {http://dx.doi.org/10.1113/jphysiol.1962.sp006837}
}

@Article{paperMinimize,
  Title                    = {{Intriguing properties of neural networks}},
  Author                   = {{Szegedy}, C. and {Zaremba}, W. and {Sutskever}, I. and {Bruna}, J. and {Erhan}, D. and {Goodfellow}, I. and {Fergus}, R.},
  Journal                  = {ArXiv e-prints},
  Year                     = {2013},

  Month                    = dec,

  Adsnote                  = {Provided by the SAO/NASA Astrophysics Data System},
  Adsurl                   = {http://adsabs.harvard.edu/abs/2013arXiv1312.6199S},
  Archiveprefix            = {arXiv},
  Eprint                   = {1312.6199},
  Keywords                 = {Computer Science - Computer Vision and Pattern Recognition, Computer Science - Learning, Computer Science - Neural and Evolutionary Computing},
  Primaryclass             = {cs.CV}
}

